@misc{UCI:Heart ,
author = "Andras Janosi M.D and William Steinbrunn, M.D and
Matthias Pfisterer, M.D and Robert Detrano, M.D, Ph.D",
year = "1988",
title = "Heart Disease Data Set",
url = "https://archive.ics.uci.edu/ml/datasets/Heart+Disease",
institution = "Hungarian Institute of Cardiology, Budapest;
University Hospital, Zurich; University Hospital, Basel;
V.A. Medical Center, Long Beach and Cleveland Clinic Foundation" }

@misc{UCI:German ,
author = "Dr. Hans Hofmann",
year = "1994",
title = "Statlog (German Credit Data) Data Set ",
url = "https://archive.ics.uci.edu/ml/datasets/Statlog+(German+Credit+Data)",
institution = "Institut fur Statistik und Okonometrie" }

@misc{UCI:Wine ,
author = "Stefan Aeberhard",
year = "1991",
title = "Wine Data Set ",
url = "https://archive.ics.uci.edu/ml/datasets/Wine",
institution = "Institute of Pharmaceutical and Food Analysis and Technologies" }
